@misc{
    website:xia-proto-1.0,
    author = "{Carnegie Mellon University}",
    title = "{XIA Prototype Overview - GitHub Repository}",
    month = "September",
    year = 2013,
    url = "https://github.com/XIA-Project/xia-core/wiki/XIA-Prototype-Overview",
    howpublished = "Available as \url{https://github.com/XIA-Project/xia-core/wiki/XIA-Prototype-Overview}"
}

@misc{
    website:ccnx,
    author = "{Palo Alto Research Center, Inc.}",
    title = "{{Project CCNx}}",
    month = "October",
    year = 2013,
    url = "http://www.ccnx.org/about/",
    howpublished = "Available as \url{http://www.ccnx.org/about/}"
}

@misc{
    website:geni,
    author = "{Raytheon BBN Technologies}",
    title = "{{GENI - Exploring Networks of the Future}}",
    month = "October",
    year = 2013,
    url = "http://www.geni.net/",
    howpublished = "Available as \url{http://www.geni.net/}"
}

@misc{
    website:snort,
    author = "{Sourcefire, Inc.}",
    title = "{{SNORT - The de-facto Standard for Intrusion Detection\slash Prevention}}",
    month = "October",
    year = 2013,
    url = "http://www.snort.org/",
    howpublished = "Available as \url{http://www.snort.org/}"
}

@misc{
    website:cvrp-datasets,
    author = "{Ted Ralphs}",
    title = "{{Branch Cut and Price Applications : Vehicle Routing}}",
    month = "October",
    year = 2013,
    url = "http://www.coin-or.org/SYMPHONY/branchandcut/VRP/index.htm",
    howpublished = "Available as \url{http://www.coin-or.org/SYMPHONY/branchandcut/VRP/index.htm}"
}

@article{Hoare:1961:AP:366622.366642,
 author = {Hoare, C. A. R.},
 title = {Algorithm 63: Partition},
 journal = {Commun. ACM},
 issue_date = {July 1961},
 volume = {4},
 number = {7},
 month = jul,
 year = {1961},
 issn = {0001-0782},
 pages = {321--},
 url = {http://doi.acm.org/10.1145/366622.366642},
 doi = {10.1145/366622.366642},
 acmid = {366642},
 publisher = {ACM},
 address = {New York, NY, USA},
}


